<?xml version='1.0' encoding='utf-8'?>
<record xmlns="http://www.loc.gov/MARC21/slim" xmlns:xsi="http://www.w3.org/2001/XMLSchema-instance">
  <leader>00000nkiaa22^^^^^3u^4500</leader>
  <controlfield tag="001">012763245</controlfield>
  <controlfield tag="005">20140314121800.0</controlfield>
  <controlfield tag="007">cr cn nnnuunua</controlfield>
  <controlfield tag="008">140214c201u9999miunnn^^^^^^^^^^^^zneng^^</controlfield>
  <datafield tag="035" ind1=" " ind2=" ">
    <subfield code="a">sw13t9f98v</subfield>
  </datafield>
  <datafield tag="035" ind1=" " ind2=" ">
    <subfield code="a">(OCoLC)879646748</subfield>
  </datafield>
  <datafield tag="040" ind1=" " ind2=" ">
    <subfield code="a">MiU-H</subfield>
    <subfield code="c">MiU-H</subfield>
  </datafield>
  <datafield tag="042" ind1=" " ind2=" ">
    <subfield code="a">dc</subfield>
  </datafield>
  <datafield tag="110" ind1="2" ind2=" ">
    <subfield code="a">Arc Michigan.</subfield>
  </datafield>
  <datafield tag="245" ind1="1" ind2="0">
    <subfield code="a">Arc Michigan Web Archives.</subfield>
  </datafield>
  <datafield tag="260" ind1=" " ind2=" ">
    <subfield code="c">2010-</subfield>
  </datafield>
  <datafield tag="300" ind1=" " ind2=" ">
    <subfield code="a">Online resource.</subfield>
  </datafield>
  <datafield tag="545" ind1="1" ind2=" ">
    <subfield code="a">Michigan chapter of advocacy organization established on behalf of people with developmental disabilities. The organization was formerly known as the Association for Retarded Citizens/Michigan. Its aim is to assist individuals in obtaining employment, education, and an independent life within their community.</subfield>
  </datafield>
  <datafield tag="520" ind1="2" ind2=" ">
    <subfield code="a">Newsletters, publications, reports, news and announcements, information about opportunities, etc.</subfield>
  </datafield>
  <datafield tag="655" ind1=" " ind2="7">
    <subfield code="a">Web sites.</subfield>
    <subfield code="2">aat</subfield>
  </datafield>
  <datafield tag="610" ind1="2" ind2="0">
    <subfield code="a">Arc Michigan.</subfield>
  </datafield>
  <datafield tag="650" ind1=" " ind2="0">
    <subfield code="a">Children with disabilities</subfield>
    <subfield code="z">Michigan.</subfield>
  </datafield>
  <datafield tag="650" ind1=" " ind2="0">
    <subfield code="a">Developmental disabilities</subfield>
    <subfield code="z">Michigan.</subfield>
  </datafield>
  <datafield tag="650" ind1=" " ind2="0">
    <subfield code="a">Mental retardation</subfield>
    <subfield code="z">Michigan.</subfield>
  </datafield>
  <datafield tag="651" ind1=" " ind2="0">
    <subfield code="a">Michigan.</subfield>
  </datafield>
  <datafield tag="690" ind1=" " ind2="4">
    <subfield code="a">Social justice.</subfield>
  </datafield>
  <datafield tag="856" ind1="4" ind2="1">
    <subfield code="u">http://webarchives.cdlib.org/site/sw13t9f98v</subfield>
    <subfield code="z">2014025 Aa 3</subfield>
  </datafield>
  <datafield tag="852" ind1="8" ind2=" ">
    <subfield code="a">MiU-H</subfield>
    <subfield code="b">BENT</subfield>
    <subfield code="c">ELEC</subfield>
    <subfield code="h">2014025 Aa 3</subfield>
  </datafield>
  <datafield tag="997" ind1=" " ind2=" ">
    <subfield code="a">MARS</subfield>
  </datafield>
  <datafield tag="955" ind1=" " ind2=" ">
    <subfield code="b">BENT</subfield>
    <subfield code="c">ELEC</subfield>
    <subfield code="p">B6374887</subfield>
  </datafield>
</record>
